<record xmlns="http://www.loc.gov/MARC21/slim">
	<leader>00800cem a2200253 a 4500</leader>
	<controlfield tag="001">7094321</controlfield>
	<controlfield tag="005">20150415102451.0</controlfield>
	<controlfield tag="007">aj canzn</controlfield>
	<controlfield tag="008">120612s1820    xx i      a     0   eng  </controlfield>
	<datafield ind1=" " ind2=" " tag="035">
		<subfield code="a">7094321</subfield>
	</datafield>
	<datafield ind1=" " ind2=" " tag="040">
		<subfield code="a">NjP</subfield>
		<subfield code="c">NjP</subfield>
	</datafield>
	<datafield ind1="1" ind2=" " tag="034">
		<subfield code="a">a</subfield>
		<subfield code="b">20000000</subfield>
		<subfield code="d">E0100000</subfield>
		<subfield code="e">W0600000</subfield>
		<subfield code="f">N0700000</subfield>
		<subfield code="g">N0350000</subfield>
	</datafield>
	<datafield ind1=" " ind2=" " tag="043">
		<subfield code="a">e------</subfield>
	</datafield>
	<datafield ind1="1" ind2="0" tag="245">
		<subfield code="a">Europe</subfield>
		<subfield code="h">[map].</subfield>
	</datafield>
	<datafield ind1=" " ind2=" " tag="255">
		<subfield code="a">Scale [ca. 1:20,000,000]</subfield>
		<subfield code="c">(E 10⁰--W 60⁰/N 70⁰--N 35⁰).</subfield>
	</datafield>
	<datafield ind1=" " ind2=" " tag="260">
		<subfield code="a">[S.l. :</subfield>
		<subfield code="b">s.n.,</subfield>
		<subfield code="c">ca. 1820]</subfield>
	</datafield>
	<datafield ind1=" " ind2=" " tag="300">
		<subfield code="a">1 map :</subfield>
		<subfield code="b">hand col. ;</subfield>
		<subfield code="c">19 x 24 cm.</subfield>
	</datafield>
	<datafield ind1=" " ind2=" " tag="500">
		<subfield code="a">Relief shown pictorially.</subfield>
	</datafield>
	<datafield ind1=" " ind2="0" tag="651">
		<subfield code="a">Europe</subfield>
		<subfield code="v">Maps.</subfield>
	</datafield>
	<datafield ind1=" " ind2="7" tag="655">
		<subfield code="a">Maps</subfield>
		<subfield code="z">Europe</subfield>
		<subfield code="y">1820.</subfield>
		<subfield code="2">aat</subfield>
	</datafield>
	<datafield ind1="4" ind2="1" tag="856">
		<subfield code="z">See the map</subfield>
		<subfield code="u">http://arks.princeton.edu/ark:/88435/cj82k976z</subfield>
	</datafield>
	<datafield ind1=" " ind2=" " tag="904">
		<subfield code="a">gls</subfield>
		<subfield code="b">g</subfield>
		<subfield code="h">n</subfield>
		<subfield code="c">p</subfield>
		<subfield code="e">20120612</subfield>
	</datafield>
	<datafield ind1=" " ind2=" " tag="902">
		<subfield code="a">gls</subfield>
		<subfield code="b">o</subfield>
		<subfield code="6">e</subfield>
		<subfield code="7">m</subfield>
		<subfield code="d">v</subfield>
		<subfield code="f">1</subfield>
		<subfield code="e">20120613</subfield>
	</datafield>
	<datafield ind1="0" ind2=" " tag="852">
		<subfield code="b">map</subfield>
		<subfield code="h">HMC01.1996-16</subfield>
		<subfield code="0">6968541</subfield>
	</datafield>
	<datafield ind1=" " ind2=" " tag="959">
		<subfield code="a">2012-06-12 13:51:01 -0500</subfield>
	</datafield>
</record>